@INPROCEEDINGS{abadi97alogic,
    AUTHOR = {Martín Abadi and K. Rustan M. Leino},
    TITLE = {A Logic of Object-Oriented Programs},
    BOOKTITLE = {Theory and Practice of Software Development, TAPSOFT},
    YEAR = {1997},
    volume = {1214},
    series = {Lecture Notes in Computer Science},
    pages = {682-696},
    publisher = {Berlin: Springer-Verlag}
}

@BOOK{abramski92handbook1,
    EDITOR = {S. Abramsky and Dov M. Gabbai and T. S. E. Maibaum},
    TITLE = {Handbook of Logic in Computer Science},
    PUBLISHER = {Oxford University Press},
    YEAR = {1992},
    volume = {1},
    address = {Oxford},
    note = {}
}

@BOOK{abramski92handbook2,
    EDITOR = {S. Abramsky and Dov M. Gabbay and T. S. E. Maibaum},
    TITLE = {Handbook of Logic in Computer Science},
    PUBLISHER = {Oxford Science Publications},
    YEAR = {1992},
    volume = {2},
    address = {Oxford},
    note = {571p.}
}

@BOOK{abramski94handbook3,
    EDITOR = {S. Abramsky and Dov M. Gabbay and T. S. E. Maibaum},
    TITLE = {Handbook of Logic in Computer Science},
    PUBLISHER = {Oxford Science Publications},
    YEAR = {1994},
    volume = {3},
    address = {Oxford},
    note = {}
}

@INCOLLECTION{abramski94domain,
    AUTHOR = {Samson Abramsky and Achim Jung},
    TITLE = {Domain Theory},
    BOOKTITLE = {Handbook of Logic in Computer Science},
    PUBLISHER = {Oxford Science Publications},
    YEAR = {1994},
    editor = {S. Abramsky and Dov M. Gabbay and T. S. E. Maibaum},
    volume = {3},
    chapter = {},
    pages = {},
    address = {Oxford}
}

@ARTICLE{alur01partial,
    AUTHOR = {Rajeev Alur and Robert K. Brayton and Thomas A. Henzinger and Shaz Qadeer and Sriram K. Rajamani },
    TITLE = {Partial-Order Reduction in Symbolic State-Space Exploration},
    JOURNAL = {Formal Methods in System Design},
    YEAR = {2001},
    volume = {18},
    pages = {97-116}
}

@article{ancona98theory,
    author = {Davide Ancona and Elena Zucca},
    title = {A Theory of Modules with State},
    journal = {Mathematical Structures in Computer Science},
    volume = {8},
    number = {4},
    pages = {401-446},
    year = {1998},
    url = {citeseer.nj.nec.com/article/ancona98theory.html}
}

@TECHREPORT{anderson96model,
    AUTHOR = {Richard J. Anderson and Paul Beame and Steve Burns and William Chan and
 Francesmary Modugno and David Notkin and Jon Reese},
    TITLE = {Model Checking Large Software Specifications},
    INSTITUTION = {Department of Computer Science and Engineering, University of Washington},
    YEAR = {1996},
    address = {Seattle},
    month = {May},
    note = {12p. (Technical Report 96-04-02)}
}

@PHDTHESIS{biberstein97coopnthesis,
    author = {Olivier Biberstein},
    title = {CO-OPN/2: an Object-Oriented Formalism for the Specification of Concurrent Systems},
    school = {University of Geneva},
    year = {1997},
    address = {Geneva, Switzerland},
    month = {April}
}

@BOOK{lamport94latex,
    author = {Leslie Lamport},
    TITLE = {\LaTeX\ LaTeX: A Document Preparation System},
    PUBLISHER = {Addison-Wesley},
    YEAR = {1994},
    edition = {2},
    address = {Reading},
    pages = {288}
}

@MASTERSTHESIS{marchi04verificacao,
    AUTHOR = {Osmar Marchi dos Santos},
    TITLE = {Verificação Formal de Sistemas Distribuídos Modelados na Gramática de Grafos Baseada em Objetos},
    SCHOOL = {Pontifícia Universidade Católica do Rio Grande do Sul},
    YEAR = {2004},
    type = {Masters Thesis},
    address = {Porto Alegre},
    month = {May},
    pages = {89}
}

@INCOLLECTION{meinke92universal,
    AUTHOR = {K. Meinke and J. V. Tucker},
    TITLE = {Universal Algebra},
    EDITOR = {S. Abramsky and Dov M. Gabbai and T. S. E. Maibaum},
    BOOKTITLE = {Handbook of Logic in Computer Science},
    PUBLISHER = {Oxford University Press},
    YEAR = {1992},
    volume = {1 (Background: Mathematical Structures)},
    address = {Oxford},
    pages = {189-411}
}

@MANUAL{microsoft05Csharp,
    TITLE = {C\# Language Specification},
    author = {{MICROSOFT CORPORATION}},
    organization = {Microsoft Corporation},
    address = {Seattle, WA},
    year = {2005},
    note = {Available at $<$http://msdn.microsoft.com/$>$. Visited in April, 2003.},
    obs = {Available at $<$http://msdn.microsoft.com/library/default.asp?url=/library/en-us/csspec/html/csharpspecstart.asp$>$. Visited in April, 2003.}
}

@BOOK{mittelbach04thelatex,
    author = {Frank Mittelbach and Michel Goossens and Johannes Braams and David Carlisle and Chris Rowley},
    TITLE = {The \LaTeX\ Companion},
    PUBLISHER = {Addison-Wesley Professional},
    YEAR = {2004},
    edition = {2},
    address = {Reading},
    pages = {1120}
}

@INPROCEEDINGS{nagl86set,
    AUTHOR = {Manfred Nagl},
    TITLE = {Set Theoretic Approaches to Graph Grammars},
    BOOKTITLE = {3rd International Workshop on Graph Grammars and their Application to Computer Science},
    YEAR = {1986},
    pages = {41-54},
    editor = {Hartmut Ehrig and Manfred Nagl and Grzegorz Rozenberg and Azriel Rosenfeld},
    publisher = {Berlin: Springer-Verlag},
    series = {Lecture Notes in Computer Science},
    volume = {291},
    address = {Warrenton, Virginia, USA}
}

@BOOK{goossens04thelatexgraphics,
    author = {Michel Goossens and Frank Mittelbach and Sebastian Rahtz and Denis Roegel and Herbert Voss},
    TITLE = {The \LaTeX\ Graphics Companion},
    PUBLISHER = {Addison-Wesley Professional},
    YEAR = {2004},
    edition = {2},
    address = {Reading},
    pages = {1120}
}

@unpublished{lemke02zen,
    author = {Ney Lemke},
    title = {Zen e a arte da Editoração Eletrônica: Primeiros Passos no LaTeX},
    year = {2002},
    note = {Minicurso realizado na Semana Acadêmica da Informática, Universidade do Vale do Rio dos Sinos}
}

@PROCEEDINGS{icgt04,
    TITLE = {2nd International Conference on Graph Transformation},
    YEAR = {2004},
    editor = {Hartmut Ehrig and Gregor Engels and Francesco Parisi-Presicce and Grzegorz Rozenberg},
    publisher = {Berlin: Springer-Verlag},
    volume = {3256},
    series = {Lecture Notes in Computer Science},
    address = {Rome, Italy},
    isbn = {3-540-23207-9}
}

@online{opendatasus2020,
    title = {SRAG 2020 - Banco de Dados de Síndrome Respiratória Aguda Grave - incluindo dados da COVID-19},
    date = {2022-10-12},
    url = {https://opendatasus.saude.gov.br/dataset/srag-2020},
}

@online{opendatasus20212022,
    title = {SRAG 2021 e 2022 - Banco de Dados de Síndrome Respiratória Aguda Grave - incluindo dados da COVID-19},
    date = {2022-10-12},
    url = {https://opendatasus.saude.gov.br/dataset/srag-2021-e-2022},
}

@online{apachespark,
    title = {Apache Spark™ - Unified Engine for large-scale data analytics},
    date = {2022-10-12},
    url = {https://spark.apache.org/},
}

@online{githubtcc,
    title = {GitHub Repositório ECD-TCC-Dados},
    url = {https://github.com/taianf/ECD-TCC-Dados},
}

@online{apachesparkml,
    title = {Classification and regression - Spark 3.3.1 Documentation},
    date = {2022-10-12},
    url = {https://spark.apache.org/docs/3.3.1/ml-classification-regression.html#classification},
}

@online{apachesparkcv,
    title = {ML Tuning - Spark 3.3.1 Documentation},
    date = {2022-10-12},
    url = {https://spark.apache.org/docs/3.3.1/ml-tuning.html#cross-validation},
}

@online{facmachine,
    author = {André Rodrigo da Silva},
    title = {RDFM: Algoritmo de Máquinas de Fatoração Distribuído e Resiliente},
    date = {2019-10-14},
    url = {https://repositorio.ufsc.br/bitstream/handle/123456789/211532/PGCC1164-D.pdf},
}

@online{mediuml1l2,
    author = {Lucas Datilio Carderelli},
    title = {O que é Regularização — L1 & L2},
    date = {2021-03-21},
    url = {https://medium.com/data-hackers/o-que-\%C3\%A9-regulariza\%C3\%A7\%C3\%A3o-l1-l2-6697ada36a51},
}

@online{facmachineo,
    author = {Steffen Rendle},
    title = {Factorization Machines},
    date = {2010},
    url = {https://www.csie.ntu.edu.tw/~b97053/paper/Rendle2010FM.pdf},
}

@book{mitcheltom,
    author = {Tom Mitchel},
    title = {Machine Learning},
    publisher = {New York: McGraw Hill},
    year = {1997},
    isbn = {0-07-042807-7},
}

@book{simonphill,
    author = {Phill Simon},
    title = {Too Big to Ignore: The Business Case for Big Data},
    publisher = {Wiley},
    year = {2013},
    isbn = {978-1-118-63817-0},
}

@book{russellstuart,
    author = {Stuart Russel and Peter Norvig},
    title = { Artificial Intelligence: A Modern Approach},
    publisher = {Prentice Hall},
    year = {2013},
    isbn = {978-0137903955},
}

@article{glmarticle,
    author = {J. A. Nelder and R. W. M. Wedderburn},
    title = {Generalized Linear Models},
    journal = {Journal of the Royal Statistical Society. Series A (General)},
    publisher = {Wiley},
    year = {1972},
    doi = {10.2307/2344614},
}

@online{hotimkam,
    author = {Tin Kam Ho},
    title = {Random Decision Forests},
    journal = {Proceedings of the 3rd International Conference on Document Analysis and Recognition, Montreal},
    year = {1995},
    url = {https://web.archive.org/web/20160417030218/http://ect.bell-labs.com/who/tkh/publications/papers/odt.pdf},
}

@book{decisiontree,
    author = {Lior Rokach and Oded Maimon},
    title = {Data Mining with Decision Trees},
    publisher = {WORLD SCIENTIFIC},
    year = {2014},
    doi = {10.1142/9097},
    address = {},
    edition = {2nd},
    URL = {https://www.worldscientific.com/doi/abs/10.1142/9097},
    eprint = {https://www.worldscientific.com/doi/pdf/10.1142/9097}
}

@techreport{gbtarticle1,
    author = {Leo Breiman},
    title = {ARCING THE EDGE},
    year = {1997},
    url = {https://statistics.berkeley.edu/sites/default/files/tech-reports/486.pdf},
    institution = {University of California, Berkeley CA.},
}

@article{gbtarticle2,
    author = {Jerome H. Friedman},
    title = {Stochastic Gradiente Boosting},
    year = {1999},
    url = {https://jerryfriedman.su.domains/ftp/stobst.pdf},
}

@article{gbtarticle3,
    author = {Jerome H. Friedman},
    title = {Greedy Function Approximation: A Gradient Boosting Machine},
    year = {1999},
    url = {https://jerryfriedman.su.domains/ftp/trebst.pdf},
}

@article{gbta1,
    author = {S. Madeh Piryonesi and Tamer E. El-Diraby},
    title = {Data Analytics in Asset Management: Cost-Effective Prediction of the Pavement Condition Index},
    journal = {Journal of Infrastructure Systems},
    volume = {26},
    number = {1},
    pages = {04019036},
    year = {2020},
    doi = {10.1061/(ASCE)IS.1943-555X.0000512},
    URL = {https://ascelibrary.org/doi/abs/10.1061/\%28ASCE\%29IS.1943-555X.0000512},
    eprint = {https://ascelibrary.org/doi/pdf/10.1061/\%28ASCE\%29IS.1943-555X.0000512},
}

@book{elementsofstatisticallearning,
    author = {Trevor Hastie and Robert Tibshirani and Jerome Friedman},
    title = {The Elements of Statistical Learning: Data Mining, Inference, and Prediction.},
    year = {2009},
}

@article{ensemble,
    author = {Dabid Opitz and Richard maclin},
    title = {Popular Ensemble Methods, An Empirical Study},
    journal = {Journal of Artificial Intelligence Research},
    year = {1999},
}

@online{boosting,
    author = {IBM Cloud Education},
    title = {Boosting},
    date = {2022-11-12},
    url = {https://www.ibm.com/cloud/learn/boosting},
}

@book{perceptrons,
    author = {Frank Rosenblatt},
    title = {Principles of Neurodynamics: Perceptrons and the Theory of Brain Mechanisms},
    year = {1961},
    isbn = {978-3-642-70913-5},
}

@online{bayes,
    author = {Andrew'McCallum},
    title = {Bayesian Network Representaton},
    date = {2022-10-09},
    url = {https://people.cs.umass.edu/~mccallum/courses/gm2011/02-bn-rep.pdf},
}

@online{svms,
    author = {CORINNA CORTES and VLADIMIR VAPNIK},
    title = {Support-Vector Networks},
    year = {1995},
    url = {http://image.diku.dk/imagecanon/material/cortes_vapnik95.pdf},
}

@online{unicamp,
    author = {Hugo de Siqueira Pereira and Tatiana Andrea Benaglia Carvalho},
    title = {Métodos de Aprendizado de Máquina Supervisionado para Predição de Desfecho em Pacientes com COVID-19},
    year = {2022},
    url = {https://www.prp.unicamp.br/inscricao-congresso/resumos/2022P20480A37612O2383.pdf},
}

@article{carli2021asthma,
    title = {Is asthma protective against COVID-19?},
    author = {Carli, Giulia and Cecchi, Lorenzo and Stebbing, Justin and Parronchi, Paola and Farsi, Alessandro},
    journal = {Allergy},
    volume = {76},
    number = {3},
    pages = {866},
    year = {2021},
    publisher = {Wiley-Blackwell}
}

@article{serra2021covid,
    title = {COVID-19 outcomes in hospitalized puerperal, pregnant, and neither pregnant nor puerperal women},
    author = {Serra, Fabiano Elisei and Francisco, Rossana Pulcineli Vieira and de Rossi, Patricia and de Lourdes Brizot, Maria and Rodrigues, Agatha Sacramento},
    journal = {PLoS One},
    volume = {16},
    number = {11},
    pages = {e0259911},
    year = {2021},
    publisher = {Public Library of Science San Francisco, CA USA}
}

@article{russo2020accoes,
    title = {A{\c{c}}{\~o}es contra a COVID-19 na Popula{\c{c}}{\~a}o com S{\'\i}ndrome de Down},
    author = {Russo, Giorgia Castilho and Bernardes, Nathalia and Baraldi, Nat{\'a}lia Rezende and Saraiva, Denise Jeanine Berlinger and Angelis, K{\'a}tia De and Lantieri, Carla Janice Baister and Saraiva, Jos{\'e} Francisco},
    journal = {Arquivos Brasileiros de Cardiologia},
    volume = {115},
    pages = {939--941},
    year = {2020},
    publisher = {SciELO Brasil}
}

@article{paiva2021prevalencia,
    title = {Preval{\^e}ncia e Fatores Associados {\`a} SRAG por COVID-19 em Adultos e Idosos com Doen{\c{c}}a Cardiovascular Cr{\^o}nica},
    author = {Paiva, Karina Mary de and Hillesheim, Dan{\'u}bia and Rech, Cassiano Ricardo and Delevatti, Rodrigo Sudatti and Brown, Rodrigo Vasconi S{\'a}ez and Gonz{\'a}les, Ana In{\^e}s and Haas, Patricia},
    journal = {Arquivos Brasileiros de Cardiologia},
    volume = {117},
    pages = {968--975},
    year = {2021},
    publisher = {SciELO Brasil}
}
